
@article{futter14,
author = {M. N. Futter and M. A. Erlandsson and D. Butterfield and P. G. Whitehead and S. K. Oni and A. J. Wade},
title = {{PERSiST}: a flexible rainfall-runoff modelling toolkit for use with the {INCA} family of models},
journal = {Hydrol. Earth Syst. Sci.},
year = {2014},
volume = {18},
pages = {855-873},
}

@article{jackson-blake17,
author = {L. A. Jackson-Blake and J. E. Sample and A. J. Wade and R. C. Helliwell and R. A. Skeffington},
title = {Are our dynamic water quality models too complex? A comparison of a new parsimonious phosphorous model, {SimplyP}, and {INCA-P}},
journal = {Water Resources Research},
year = {2017},
volume = {53},
issue = {7},
pages = {5382-5399},
}

@article{wade02,
author = {A. J. Wade and P. Durand and V. Beaujonan and W. W. Wessel and K. J. Raat and P. G. Whitehead and D. Butterfield and K. Rankinen and A. Lepisto},
title = {A nitrogen model for {E}uropean catchments: {INCA}, new model structure and equations},
journal = {Hydrology and Earth System Sciences},
year = {2002},
volume = {6},
issue = {3},
pages = {559-582},
}

@article{krause05,
author = {P. Krause and D. P. Boyle and F. B\"{a}se},
title = {Comparison of different efficiency criteria for hydrological model assessment},
journal = {Advances in Geosciences},
year = {2005},
volume = {5},
pages = {89-97},
}

@article{spearman04,
author = {C. Spearman},
title = {The proof and measurement of association between two things},
journal = {American Journal of Psychology},
year = {1904},
volume = {15},
issue = {1},
pages = {72-101},
}

@article{sturges26,
author = {H. A. Sturges},
title = {The choice of a class interval},
journal = {Journal of the American Statistical Association},
year = {1926},
volume = {21},
issue = {153},
pages = {65-66},
}

@article{nashsutcliffe70,
author = {J. E. Nash and J. V. Sutcliffe},
title = {River flow forecasting through conceptual models part {I} - {A} discussion of principles},
journal = {Journal of Hydrology},
year = {1970},
volume = {10},
issue = {3},
pages = {282-290},
}

@article{klinggupta09,
author = {H. V. Gupta and H. Kling and K. K. Yilmaz and G. F. Martinez},
title = {Decomposition of the mean squared error and {NSE} performance criteria: Implications for improving hydrological modelling},
journal = {J. Hydrol},
year = {2009},
volume = {307},
pages = {80-91},
}

@article{fenicia-et-al18,
author = {Fabrizio Fenicia and Dmitri Kavetski and Peter Reichert and Carlo Albert},
title = {Signature-Domain Calibration of Hydrological Models Using Approximate Bayesian Computation: Empirical Analysis of Fundamental Properties},
journal = {Water Resources Research},
year = {2018},
volume = {54},
issue = {6},
pages = {4059-4083},
}

@article{saltelli-et-al10,
author = {Andrea Saltelli and Paola Annoni and Ivano Azzini and Francesca Campolongo and Marco Ratto and Stefano Tarantola},
title = {Variance based sensitivity analysis of mode output. Design and estimator for the total sensitivity index},
journal = {Computer Physics Communications},
year = {2010},
volume = {181},
pages = {259-270},
}